@article{Barnes_2004,
	doi = {10.1111/j.1365-2966.2004.07725.x},
  
	url = {https://doi.org/10.1111%2Fj.1365-2966.2004.07725.x},
  
	year = 2004,
	month = {may},
  
	publisher = {Oxford University Press ({OUP})},
  
	volume = {350},
  
	number = {3},
  
	pages = {798--808},
  
	author = {Joshua E. Barnes},
  
	title = {Shock-induced star formation in a model of the Mice},
  
	journal = {Monthly Notices of the Royal Astronomical Society}
}

@article{Privon_2013,
	doi = {10.1088/0004-637x/771/2/120},
  
	url = {https://doi.org/10.1088%2F0004-637x%2F771%2F2%2F120},
  
	year = 2013,
	month = {jun},
  
	publisher = {American Astronomical Society},
  
	volume = {771},
  
	number = {2},
  
	pages = {120},
  
	author = {G. C. Privon and J. E. Barnes and A. S. Evans and J. E. Hibbard and M. S. Yun and J. M. Mazzarella and L. Armus and J. Surace},
  
	title = {{DYNAMICAL} {MODELING} {OF} {GALAXY} {MERGERS} {USING} {IDENTIKIT}
},
  
	journal = {The Astrophysical Journal}
}

@article{Ji_2014,
	doi = {10.1051/0004-6361/201423530},
  
	url = {https://doi.org/10.1051%2F0004-6361%2F201423530},
  
	year = 2014,
	month = {jun},
  
	publisher = {{EDP} Sciences},
  
	volume = {566},
  
	pages = {A97},
  
	author = {Inchan Ji and S{\'{e}
}bastien Peirani and Sukyoung K. Yi},
  
	title = {Lifetime of merger features of equal-mass disk mergers},
  
	journal = {Astronomy {\&}amp$\mathsemicolon$ Astrophysics}
}

@ARTICLE{1978MNRAS.183..341W,
       author = {{White}, S.~D.~M. and {Rees}, M.~J.},
        title = "{Core condensation in heavy halos: a two-stage theory for galaxy formation and clustering.}",
      journal = {\mnras},
     keywords = {Astronomical Models, Galactic Clusters, Galactic Evolution, Galactic Nuclei, Gravitational Effects, Halos, Critical Mass, Dark Matter, Dynamic Models, Interstellar Gas, Luminosity, Many Body Problem, Red Shift, Astrophysics, Formation:Galaxies},
         year = 1978,
        month = may,
       volume = {183},
        pages = {341-358},
          doi = {10.1093/mnras/183.3.341},
       adsurl = {https://ui.adsabs.harvard.edu/abs/1978MNRAS.183..341W},
      adsnote = {Provided by the SAO/NASA Astrophysics Data System}
}

@article{Moster_2011,
	doi = {10.1111/j.1365-2966.2011.18984.x},
  
	url = {https://doi.org/10.1111%2Fj.1365-2966.2011.18984.x},
  
	year = 2011,
	month = {jul},
  
	publisher = {Oxford University Press ({OUP})},
  
	volume = {415},
  
	number = {4},
  
	pages = {3750--3770},
  
	author = {Benjamin P. Moster and Andrea V. Macci{\`{o}
} and Rachel S. Somerville and Thorsten Naab and T. J. Cox},
  
	title = {The effects of a hot gaseous halo in galaxy major mergers},
  
	journal = {Monthly Notices of the Royal Astronomical Society}
}